<record><leader>00000cas a22000007a 4500</leader><controlfield tag="001">13998073</controlfield><controlfield tag="008">860801d18871897iauwr ne      0    0eng d</controlfield><datafield ind1=" " ind2=" " tag="010"><subfield code="a">sn 86061080 </subfield></datafield><datafield ind1=" " ind2=" " tag="040"><subfield code="a">INP</subfield><subfield code="b">eng</subfield><subfield code="c">INP</subfield><subfield code="d">NPI</subfield><subfield code="d">INP</subfield><subfield code="d">OCLCQ</subfield></datafield><datafield ind1="0" ind2=" " tag="130"><subfield code="a">Morning Sun news (Morning Sun, Iowa : 1887)</subfield></datafield><datafield ind1="1" ind2="4" tag="245"><subfield code="a">The Morning Sun news.</subfield></datafield><datafield ind1=" " ind2=" " tag="260"><subfield code="a">Morning Sun, Iowa :</subfield><subfield code="b">Latta &amp; McElhinney</subfield></datafield><datafield ind1=" " ind2=" " tag="300"><subfield code="a">v. :</subfield><subfield code="b">ill.</subfield></datafield><datafield ind1=" " ind2=" " tag="310"><subfield code="a">Weekly</subfield></datafield><datafield ind1="1" ind2=" " tag="362"><subfield code="a">Began with Sept. 17, 1887 issue; ceased Dec. 22, 1897.</subfield><subfield code="z">Cf. Bibl. of Iowa newspapers.</subfield></datafield><datafield ind1=" " ind2=" " tag="525"><subfield code="a">Supplements accompany some issues.</subfield></datafield><datafield ind1=" " ind2=" " tag="588"><subfield code="a">Description based on: Vol. 3, no. 17 (Jan. 2, 1890).</subfield></datafield><datafield ind1=" " ind2=" " tag="752"><subfield code="a">United States</subfield><subfield code="b">Iowa</subfield><subfield code="c">Louisa</subfield><subfield code="d">Morning Sun.</subfield></datafield><datafield ind1="0" ind2="7" tag="785"><subfield code="t">Morning Sun herald</subfield><subfield code="w">(DLC)sn 86061081</subfield></datafield><datafield ind1="0" ind2="7" tag="785"><subfield code="t">News-herald (Morning Sun, Iowa)</subfield><subfield code="w">(DLC)sn 86061082</subfield></datafield></record>